<record><leader>00000cas a22000007a 4500</leader><controlfield tag="001">16760427</controlfield><controlfield tag="008">870926d18881890iauwr ne      0    0eng d</controlfield><datafield ind1=" " ind2=" " tag="010"><subfield code="a">sn 87057917 </subfield></datafield><datafield ind1=" " ind2=" " tag="040"><subfield code="a">INP</subfield><subfield code="b">eng</subfield><subfield code="c">INP</subfield><subfield code="d">OCLCQ</subfield></datafield><datafield ind1=" " ind2=" " tag="042"><subfield code="a">msc</subfield></datafield><datafield ind1="0" ind2=" " tag="130"><subfield code="a">Hancock Democrat (Garner, Iowa)</subfield></datafield><datafield ind1="1" ind2="4" tag="245"><subfield code="a">The Hancock Democrat.</subfield></datafield><datafield ind1=" " ind2=" " tag="260"><subfield code="a">Garner, Hancock County, Iowa :</subfield><subfield code="b">A.W. Walters</subfield></datafield><datafield ind1=" " ind2=" " tag="300"><subfield code="a">v.</subfield></datafield><datafield ind1=" " ind2=" " tag="310"><subfield code="a">Weekly</subfield></datafield><datafield ind1="0" ind2=" " tag="362"><subfield code="a">Vol. 3, no. 43 (July 26, 1888)-</subfield></datafield><datafield ind1="1" ind2=" " tag="362"><subfield code="a">Ceased in 1890.</subfield></datafield><datafield ind1=" " ind2=" " tag="500"><subfield code="a">Publisher varies.</subfield></datafield><datafield ind1=" " ind2=" " tag="752"><subfield code="a">United States</subfield><subfield code="b">Iowa</subfield><subfield code="c">Hancock</subfield><subfield code="d">Garner.</subfield></datafield><datafield ind1="0" ind2="0" tag="780"><subfield code="t">Democrat (Britt, Iowa)</subfield><subfield code="w">(DLC)sn 87057699</subfield></datafield><datafield ind1="0" ind2="0" tag="785"><subfield code="t">Hancock County Democrat</subfield><subfield code="w">(DLC)sn 87057918</subfield></datafield></record>